<record><leader>00000cas a22000007a 4500</leader><controlfield tag="001">9633582</controlfield><controlfield tag="008">830622d19051906ohudr ne      0    0eng d</controlfield><datafield ind1=" " ind2=" " tag="010"><subfield code="a">sn 83035238 </subfield></datafield><datafield ind1=" " ind2=" " tag="040"><subfield code="a">NPY</subfield><subfield code="b">eng</subfield><subfield code="c">NPY</subfield><subfield code="d">NPH</subfield><subfield code="d">ONP</subfield><subfield code="d">OCLCQ</subfield></datafield><datafield ind1=" " ind2=" " tag="042"><subfield code="a">msc</subfield></datafield><datafield ind1="0" ind2=" " tag="130"><subfield code="a">Conneaut post-herald (Conneaut, Ohio : 1905)</subfield></datafield><datafield ind1="1" ind2="4" tag="245"><subfield code="a">The Conneaut post-herald.</subfield></datafield><datafield ind1="1" ind2="7" tag="246"><subfield code="a">Conneaut daily post-herald</subfield></datafield><datafield ind1=" " ind2=" " tag="260"><subfield code="a">Conneaut, Ohio :</subfield><subfield code="b">Rieg &amp; Smith Print. Co.,</subfield><subfield code="c">1905-1906.</subfield></datafield><datafield ind1=" " ind2=" " tag="300"><subfield code="a">2 v. :</subfield><subfield code="b">ill. ;</subfield><subfield code="c">62 cm.</subfield></datafield><datafield ind1=" " ind2=" " tag="310"><subfield code="a">Daily (except Sun.)</subfield></datafield><datafield ind1="0" ind2=" " tag="362"><subfield code="a">15th year, no. 4303 (Sept. 16, 1905)-16th year, no. 4709 (Dec. 31, 1906).</subfield></datafield><datafield ind1=" " ind2=" " tag="500"><subfield code="a">"Republican paper."</subfield></datafield><datafield ind1=" " ind2=" " tag="752"><subfield code="a">United States</subfield><subfield code="b">Ohio</subfield><subfield code="c">Ashtabula</subfield><subfield code="d">Conneaut.</subfield></datafield><datafield ind1="0" ind2="0" tag="780"><subfield code="t">Conneaut daily post-herald</subfield><subfield code="w">(DLC)sn 83035237</subfield></datafield><datafield ind1="0" ind2="7" tag="785"><subfield code="t">Conneaut evening news</subfield><subfield code="w">(DLC)sn 83035243</subfield></datafield><datafield ind1="0" ind2="7" tag="785"><subfield code="t">Conneaut news-herald</subfield><subfield code="w">(DLC)sn 83035239</subfield></datafield></record>